@article{arakawa1974interaction,
  title={Interaction of a cumulus cloud ensemble with the large-scale environment, Part I},
  author={Arakawa, A and Schubert, WH},
  journal={Journal of the Atmospheric Sciences},
  volume={31},
  number={3},
  pages={674--701},
  year={1974}
}

! todo: extra authors.
! todo: check year.
@article{berner2017stochastic,
  title={Stochastic parameterization: towards a new view of weather and climate models},
  author={Berner, J and Achatz, U and Batte, L and Bengtsson, L and De La
          Camara, A and Christensen, HM and Colangeli, M and Coleman, DRB
          and Crommelin, D and Dolaptchiev, SI and others},
  journal={Bulletin of the American Meteorological Society},
  number={2017},
  year={2017}
}

@article{birch2014scale,
  title={The scale dependence and structure of convergence fields preceding the initiation of deep convection},
  author={Birch, CE and Marsham, JH and Parker, DJ and Taylor, CM},
  journal={Geophysical Research Letters},
  volume={41},
  number={13},
  pages={4769--4776},
  year={2014},
  publisher={Wiley Online Library}
}

@article{cohen2004response,
  title={The response time of a convective cloud ensemble to a change in forcing},
  author={Cohen, BG and Craig, GC},
  journal={Quarterly Journal of the Royal Meteorological Society},
  volume={130},
  number={598},
  pages={933--944},
  year={2004},
  publisher={Wiley Online Library}
}


@article{CC2006I,
  title={Fluctuations in an equilibrium convective ensemble. Part I: Theoretical formulation},
  author={Craig, GC and Cohen, BG},
  journal={Journal of the atmospheric sciences},
  volume={63},
  number={8},
  pages={1996--2004},
  year={2006}
}

@article{CC2006II,
  title={Fluctuations in an equilibrium convective ensemble. Part II: Numerical experiments},
  author={Cohen, BG and Craig, GC},
  journal={Journal of the atmospheric sciences},
  volume={63},
  number={8},
  pages={2005--2015},
  year={2006}
}

@article{gregory1997parametrization,
  title={Parametrization of momentum transport by convection. II: Tests in single-column and general circulation models},
  author={Gregory, D and Kershaw, R and Inness, PM},
  journal={Quarterly Journal of the Royal Meteorological Society},
  volume={123},
  number={541},
  pages={1153--1183},
  year={1997},
  publisher={Wiley Online Library}
}

@article{houze1977structure,
  title={Structure and dynamics of a tropical squall--line system},
  author={Houze Jr, RA},
  journal={Monthly Weather Review},
  volume={105},
  number={12},
  pages={1540--1567},
  year={1977}
}

@article{kershaw1997parametrization,
  title={Parametrization of momentum transport by convection. I: Theory and cloud modelling results},
  author={Kershaw, R and Gregory, D},
  journal={Quarterly Journal of the Royal Meteorological Society},
  volume={123},
  number={541},
  pages={1133--1151},
  year={1997},
  publisher={Wiley Online Library}
}

@article{parker2007simulated,
  title={Simulated convective lines with parallel stratiform precipitation. Part I: An archetype for convection in along-line shear},
  author={Parker, MD},
  journal={Journal of the atmospheric sciences},
  volume={64},
  number={2},
  pages={267--288},
  year={2007}
}


@article{PC2008,
    title={A stochastic parameterization for deep convection based on equilibrium statistics},
    author={Plant, RS and Craig, GC},
    journal={Journal of the Atmospheric Sciences},
    volume={65},
    number={1},
    pages={87--105},
    year={2008}
}

@article{robe1996moist,
  title={Moist convective scaling: Some inferences from three-dimensional cloud ensemble simulations},
  author={Robe, FR and Emanuel, KA},
  journal={Journal of the atmospheric sciences},
  volume={53},
  number={22},
  pages={3265--3275},
  year={1996}
}

@article{RE2001,
  title={The effect of vertical wind shear on radiative--convective equilibrium states},
  author={Robe, FR and Emanuel, KA},
  journal={Journal of the atmospheric sciences},
  volume={58},
  number={11},
  pages={1427--1445},
  year={2001}
}

@article{RKW1988,
  title={A theory for strong, long-lived squall lines},
  author={Rotunno, R and Klemp, JB and Weisman, ML},
  journal={Journal of the Atmospheric Sciences},
  volume={45},
  number={3},
  pages={463--485},
  year={1988}
}

@article{sakradzija2016stochastic,
    title={A stochastic scale-aware parameterization of shallow cumulus convection across the convective gray zone},
    author={Sakradzija, M and Seifert, A and Dipankar, A},
    journal={Journal of Advances in Modeling Earth Systems},
    year={2016},
    publisher={Wiley Online Library}
}

@article{sengupta1990cumulus,
  title={Cumulus cloud field morphology and spatial patterns derived from high spatial resolution Landsat imagery},
  author={Sengupta, SK and Welch, RM and Navar, MS and Berendes, TA and Chen, DW},
  journal={Journal of Applied Meteorology},
  volume={29},
  number={12},
  pages={1245--1267},
  year={1990}
}

@article{TMM1982,
  title={Two-dimensional convection in non-constant shear: A model of mid-latitude squall lines},
  author={Thorpe, AJ and Miller, MJ and Moncrieff, MW},
  journal={Quarterly Journal of The Royal Meteorological Society},
  volume={108},
  number={458},
  pages={739--762},
  year={1982},
  publisher={Wiley Online Library}
}
